@article{Falcy2016,
  title={Conservation decision making: integrating the precautionary principle with uncertainty},
  author={Falcy, Matthew R},
  journal={Frontiers in Ecology and the Environment},
  volume={14},
  pages={499--504},
  year={2016}
}
@article{Johnson2012,
  title={Avoiding environmental catastrophes: varieties of principled precaution},
  author={Johnson, Alan},
  journal={Ecology and Society},
  volume={17},
  year={2012}
}
@article{Eeckhoudt2000,
  title={Risk aversion and the value of information},
  author={Eeckhoudt, Louis and Godfroid, Philippe},
  journal={The Journal of Economic Education},
  volume={31},
  pages={382--388},
  year={2000}
}
@article{Moore2011,
	year = 2011,
	volume = {17},
	pages = {1047--1059},
	author = {Joslin L. Moore and Michael C. Runge and Bruce L. Webber and John R. U. Wilson},
	title = {Contain or eradicate? Optimizing the management goal for {A}ustralian {A}cacia invasions in the face of uncertainty},
	journal = {Diversity and Distributions}
}
@article{Runge2011,
	year = 2011,
	volume = {144},
	pages = {1214--1223},
	author = {Michael C. Runge and Sarah J. Converse and James E. Lyons},
	title = {Which uncertainty? {U}sing expert elicitation and expected value of information to design an adaptive program},
	journal = {Biological Conservation}
}
@article{Johnson2014a,
	year = 2014,
	volume = {273},
	pages = {186--199},
	author = {Fred A. Johnson and Gitte H. Jensen and Jesper Madsen and Byron K. Williams},
	title = {Uncertainty, robustness, and the value of information in managing an expanding Arctic goose population},
	journal = {Ecological Modelling}
}
@article{Canessa2015,
	year = 2015,
	volume = {6},
	pages = {1219--1228},
	author = {Stefano Canessa and Gurutzeta Guillera-Arroita and Jos{\'{e}} J. Lahoz-Monfort and Darren M. Southwell and Doug P. Armstrong and Iadine Chad{\`{e}}s and Robert C. Lacy and Sarah J. Converse},
	title = {When do we need more data? A primer on calculating the value of information for applied ecologists},
	journal = {Methods in Ecology and Evolution}
}
@article{Maxwell2015,
	year = 2014,
	volume = {52},
	pages = {12--20},
	author = {Sean L. Maxwell and Jonathan R. Rhodes and Michael C. Runge and Hugh P. Possingham and Chooi Fei Ng and Eve McDonald-Madden},
	title = {How much is new information worth? Evaluating the financial benefit of resolving management uncertainty},
	journal = {Journal of Applied Ecology}
}
@article{Tulloch2015,
  title={Effect of risk aversion on prioritizing conservation projects},
  author={Tulloch, Ayesha IT and Maloney, Richard F and Joseph, Liana N and Bennett, Joseph R and Fonzo, Martina MI and Probert, William JM and O'connor, Shaun M and Densem, Jodie P and Possingham, Hugh P},
  journal={Conservation Biology},
  volume={29},
  pages={513--524},
  year={2015}
}
@article{Gould1974,
  title={Risk, stochastic preference, and the value of information},
  author={Gould, John P},
  journal={Journal of Economic Theory},
  volume={8},
  pages={64--84},
  year={1974}
}
@article{Edgeworth1888,
  title={The mathematical theory of banking},
  author={Edgeworth, Francis Y},
  journal={Journal of the Royal Statistical Society},
  volume={51},
  pages={113--127},
  year={1888}
}
@article{Willinger1989,
  title={Risk aversion and the value of information},
  author={Willinger, Marc},
  journal={Journal of Risk and Insurance},
  pages={104--112},
  year={1989},
  volume={56}
}
@book{Burgman2005,
  title={Risks and decisions for conservation and environmental management},
  author={Burgman, Mark},
  year={2005},
  publisher={Cambridge University Press}
}

